%% This BibTeX bibliography file was created using BibDesk.
%% http://bibdesk.sourceforge.net/

%% Created for JÃ¸rgen Heinsen at 2017-02-08 13:31:06 +0100 


%% Saved with string encoding Unicode (UTF-8) 



@article{BigDataChallenges,
	Author = {a},
	Date-Added = {2017-02-08 12:26:42 +0000},
	Date-Modified = {2017-02-08 12:30:54 +0000},
	Journal = {a},
	Title = {Solving Big Data Challenges for Enterprise Application Performance Management},
	Year = {2017},
	Bdsk-File-1 = {YnBsaXN0MDDUAQIDBAUGJCVYJHZlcnNpb25YJG9iamVjdHNZJGFyY2hpdmVyVCR0b3ASAAGGoKgHCBMUFRYaIVUkbnVsbNMJCgsMDxJXTlMua2V5c1pOUy5vYmplY3RzViRjbGFzc6INDoACgAOiEBGABIAFgAdccmVsYXRpdmVQYXRoWWFsaWFzRGF0YV8QLS4uLy4uL0FydGljbGVzL3AxNzI0X3RpbG1hbm5yYWJsX3ZsZGIyMDEyLnBkZtIXCxgZV05TLmRhdGFPEQIKAAAAAAIKAAIAAAxNYWNpbnRvc2ggSEQAAAAAAAAAAAAAAAAAAADSvOLdSCsAAAC0gU4ecDE3MjRfdGlsbWFubnJhYmxfdmxkYjIwMTIucGRmAAAAAAAAAAAAAAAAAAAAAAAAAAAAAAAAAAAAAAAAAAAAALSBYdS4xhYAAAAAAAAAAAACAAIAAAkgAAAAAAAAAAAAAAAAAAAACEFydGljbGVzABAACAAA0rzUzQAAABEACAAA1Li4BgAAAAEAHAC0gU4AkQkvABD97AAQzWEAEwLMAAljEwAGLKMAAgBmTWFjaW50b3NoIEhEOlVzZXJzOgBKQ0g6AERyb3Bib3g6AFNjaG9vbDoAS2FuZGlkYXQ6AFNwZWNpYWxlOgBBcnRpY2xlczoAcDE3MjRfdGlsbWFubnJhYmxfdmxkYjIwMTIucGRmAA4APgAeAHAAMQA3ADIANABfAHQAaQBsAG0AYQBuAG4AcgBhAGIAbABfAHYAbABkAGIAMgAwADEAMgAuAHAAZABmAA8AGgAMAE0AYQBjAGkAbgB0AG8AcwBoACAASABEABIAUlVzZXJzL0pDSC9Ecm9wYm94L1NjaG9vbC9LYW5kaWRhdC9TcGVjaWFsZS9BcnRpY2xlcy9wMTcyNF90aWxtYW5ucmFibF92bGRiMjAxMi5wZGYAEwABLwAAFQACAAr//wAAgAbSGxwdHlokY2xhc3NuYW1lWCRjbGFzc2VzXU5TTXV0YWJsZURhdGGjHR8gVk5TRGF0YVhOU09iamVjdNIbHCIjXE5TRGljdGlvbmFyeaIiIF8QD05TS2V5ZWRBcmNoaXZlctEmJ1Ryb290gAEACAARABoAIwAtADIANwBAAEYATQBVAGAAZwBqAGwAbgBxAHMAdQB3AIQAjgC+AMMAywLZAtsC4ALrAvQDAgMGAw0DFgMbAygDKwM9A0ADRQAAAAAAAAIBAAAAAAAAACgAAAAAAAAAAAAAAAAAAANH}}
